---
---

@string{aps = {American Physical Society,}}

@article{PhysRevLett.121.056401,
  title = {Time Propagation and Spectroscopy of Fermionic Systems Using a Stochastic Technique},
  author = {Guther, Kai and Dobrautz, Werner and Gunnarsson, Olle and Alavi, Ali},
  journal = {Phys. Rev. Lett.},
  volume = {121},
  issue = {5},
  pages = {056401},
  numpages = {5},
  year = {2018},
  month = {Aug},
  publisher = {American Physical Society},
  doi = {10.1103/PhysRevLett.121.056401},
  url = {https://link.aps.org/doi/10.1103/PhysRevLett.121.056401}
}

@article{PhysRevB.99.075119,
  title = {Compact numerical solutions to the two-dimensional repulsive Hubbard model obtained via nonunitary similarity transformations},
  author = {Dobrautz, Werner and Luo, Hongjun and Alavi, Ali},
  journal = {Phys. Rev. B},
  volume = {99},
  issue = {7},
  pages = {075119},
  numpages = {20},
  year = {2019},
  month = {Feb},
  publisher = {American Physical Society},
  doi = {10.1103/PhysRevB.99.075119},
  url = {https://link.aps.org/doi/10.1103/PhysRevB.99.075119}
}

@article{LiManni2020,
  doi = {10.1021/acs.jctc.9b01013},
  url = {https://doi.org/10.1021/acs.jctc.9b01013},
  year = {2020},
  month = feb,
  publisher = {American Chemical Society ({ACS})},
  volume = {16},
  number = {4},
  pages = {2202--2215},
  author = {Giovanni Li Manni and Werner Dobrautz and Ali Alavi},
  title = {Compression of Spin-Adapted Multiconfigurational Wave Functions in Exchange-Coupled Polynuclear Spin Systems},
  journal = {Journal of Chemical Theory and Computation}
}

@article{Guther2020,
  doi = {10.1063/5.0005754},
  url = {https://doi.org/10.1063/5.0005754},
  year = {2020},
  month = jul,
  publisher = {{AIP} Publishing},
  volume = {153},
  number = {3},
  pages = {034107},
  author = {Kai Guther and Robert J. Anderson and Nick S. Blunt and Nikolay A. Bogdanov and Deidre Cleland and Nike Dattani and Werner Dobrautz and Khaldoon Ghanem and Peter Jeszenszki and Niklas Liebermann and Giovanni Li Manni and Alexander Y. Lozovoi and Hongjun Luo and Dongxia Ma and Florian Merz and Catherine Overy and Markus Rampp and Pradipta Kumar Samanta and Lauretta R. Schwarz and James J. Shepherd and Simon D. Smart and Eugenio Vitale and Oskar Weser and George H. Booth and Ali Alavi},
  title = {{NECI}: N-Electron Configuration Interaction with an emphasis on state-of-the-art stochastic methods},
  journal = {The Journal of Chemical Physics}
}


@misc{LiManni2020,
  doi = {10.1002/9781119417774.ch6},
  url = {https://doi.org/10.1002/9781119417774.ch6},
  year = {2020},
  month = nov,
  publisher = {Wiley},
  pages = {133--203},
  author = {Giovanni Li Manni and Kai Guther and Dongxia Ma and Werner Dobrautz},
  title = {Foundation of Multi-Configurational Quantum Chemistry}
}

@article{PhysRevB.104.235102,
  title = {Benchmark study of Nagaoka ferromagnetism by spin-adapted full configuration interaction quantum Monte Carlo},
  author = {Yun, Sujun and Dobrautz, Werner and Luo, Hongjun and Alavi, Ali},
  journal = {Phys. Rev. B},
  volume = {104},
  issue = {23},
  pages = {235102},
  numpages = {6},
  year = {2021},
  month = {Dec},
  publisher = {American Physical Society},
  doi = {10.1103/PhysRevB.104.235102},
  url = {https://link.aps.org/doi/10.1103/PhysRevB.104.235102}
}


@article{LiManni2021,
  doi = {10.1021/acs.jpca.1c00397},
  url = {https://doi.org/10.1021/acs.jpca.1c00397},
  year = {2021},
  month = may,
  publisher = {American Chemical Society ({ACS})},
  volume = {125},
  number = {22},
  pages = {4727--4740},
  author = {Giovanni Li Manni and Werner Dobrautz and Nikolay A. Bogdanov and Kai Guther and Ali Alavi},
  title = {Resolution of Low-Energy States in Spin-Exchange Transition-Metal Clusters: Case Study of Singlet States in [Fe({III})$_4$S$_4$] Cubanes},
  journal = {The Journal of Physical Chemistry A}
}

@article{Dobrautz2021,
  doi = {10.1021/acs.jctc.1c00589},
  url = {https://doi.org/10.1021/acs.jctc.1c00589},
  year = {2021},
  month = sep,
  publisher = {American Chemical Society ({ACS})},
  volume = {17},
  number = {9},
  pages = {5684--5703},
  author = {Werner Dobrautz and Oskar Weser and Nikolay A. Bogdanov and Ali Alavi and Giovanni Li Manni},
  title = {Spin-Pure Stochastic-{CASSCF} via {GUGA}-{FCIQMC} Applied to Iron{\textendash}Sulfur Clusters},
  journal = {Journal of Chemical Theory and Computation}
}

@article{PhysRevB.105.195123,
  title = {Combined unitary and symmetric group approach applied to low-dimensional Heisenberg spin systems},
  author = {Dobrautz, Werner and Katukuri, Vamshi M. and Bogdanov, Nikolay A. and Kats, Daniel and Li Manni, Giovanni and Alavi, Ali},
  journal = {Phys. Rev. B},
  volume = {105},
  issue = {19},
  pages = {195123},
  numpages = {17},
  year = {2022},
  month = {May},
  publisher = {American Physical Society},
  doi = {10.1103/PhysRevB.105.195123},
  url = {https://link.aps.org/doi/10.1103/PhysRevB.105.195123}
}

@article{Dobrautz2022,
  doi = {10.1063/5.0088981},
  url = {https://doi.org/10.1063/5.0088981},
  year = {2022},
  month = jun,
  publisher = {{AIP} Publishing},
  volume = {156},
  number = {23},
  pages = {234108},
  author = {Werner Dobrautz and Aron J. Cohen and Ali Alavi and Emmanuel Giner},
  title = {Performance of a one-parameter correlation factor for transcorrelation: Study on a series of second row atomic and molecular systems},
  journal = {The Journal of Chemical Physics}
}

@article{Lolur2023,
  doi = {10.1021/acs.jctc.2c00807},
  url = {https://doi.org/10.1021/acs.jctc.2c00807},
  year = {2023},
  month = jan,
  publisher = {American Chemical Society ({ACS})},
  volume = {19},
  number = {3},
  pages = {783--789},
  author = {Phalgun Lolur and M{\aa}rten Skogh and Werner Dobrautz and Christopher Warren and Janka Bizn{\'{a}}rov{\'{a}} and Amr Osman and Giovanna Tancredi and G\"{o}ran Wendin and Jonas Bylander and Martin Rahm},
  title = {Reference-State Error Mitigation: A Strategy for High Accuracy Quantum Computation of Chemistry},
  journal = {Journal of Chemical Theory and Computation}
}

@article{PhysRevB.107.064405,
  title = {Ferromagnetic domains in the large-$U$ Hubbard model with a few holes: A full configuration interaction quantum Monte Carlo study},
  author = {Yun, Sujun and Dobrautz, Werner and Luo, Hongjun and Katukuri, Vamshi and Liebermann, Niklas and Alavi, Ali},
  journal = {Phys. Rev. B},
  volume = {107},
  issue = {6},
  pages = {064405},
  numpages = {9},
  year = {2023},
  month = {Feb},
  publisher = {American Physical Society},
  doi = {10.1103/PhysRevB.107.064405},
  url = {https://link.aps.org/doi/10.1103/PhysRevB.107.064405}
}

@article{LiManni2023,
  doi = {10.1021/acs.jctc.3c00182},
  url = {https://doi.org/10.1021/acs.jctc.3c00182},
  year = {2023},
  month = may,
  publisher = {American Chemical Society ({ACS})},
  author = {Giovanni Li Manni and Ignacio Fdez. Galv{\'{a}}n and Ali Alavi and Flavia Aleotti and Francesco Aquilante and Jochen Autschbach and Davide Avagliano and Alberto Baiardi and Jie J. Bao and Stefano Battaglia and Letitia Birnoschi and Alejandro Blanco-Gonz{\'{a}}lez and Sergey I. Bokarev and Ria Broer and Roberto Cacciari and Paul B. Calio and Rebecca K. Carlson and Rafael Carvalho Couto and Luis Cerd{\'{a}}n and Liviu F. Chibotaru and Nicholas F. Chilton and Jonathan Richard Church and Irene Conti and Sonia Coriani and Juliana Cu{\'{e}}llar-Zuquin and Razan E. Daoud and Nike Dattani and Piero Decleva and Coen de Graaf and MickaÃ«l G. Delcey and Luca De Vico and Werner Dobrautz and Sijia S. Dong and Rulin Feng and Nicolas Ferr{\'{e}} and Michael Filatov(Gulak) and Laura Gagliardi and Marco Garavelli and Leticia Gonz{\'{a}}lez and Yafu Guan and Meiyuan Guo and Matthew R. Hennefarth and Matthew R. Hermes and Chad E. Hoyer and Miquel Huix-Rotllant and Vishal Kumar Jaiswal and Andy Kaiser and Danil S. Kaliakin and Marjan Khamesian and Daniel S. King and Vladislav Kochetov and Marek Kro{\'{s}}nicki and Arpit Arun Kumaar and Ernst D. Larsson and Susi Lehtola and Marie-Bernadette Lepetit and Hans Lischka and Pablo L{\'{o}}pez R{\'{\i}}os and Marcus Lundberg and Dongxia Ma and Sebastian Mai and Philipp Marquetand and Isabella C. D. Merritt and Francesco Montorsi and Maximilian M\"{o}rchen and Artur Nenov and Vu Ha Anh Nguyen and Yoshio Nishimoto and Meagan S. Oakley and Massimo Olivucci and Markus Oppel and Daniele Padula and Riddhish Pandharkar and Quan Manh Phung and Felix Plasser and Gerardo Raggi and Elisa Rebolini and Markus Reiher and Ivan Rivalta and Daniel Roca-Sanju{\'{a}}n and Thies Romig and Arta Anushirwan Safari and Aitor S{\'{a}}nchez-Mansilla and Andrew M. Sand and Igor Schapiro and Thais R. Scott and Javier Segarra-Mart{\'{\i}} and Francesco Segatta and Dumitru-Claudiu Sergentu and Prachi Sharma and Ron Shepard and Yinan Shu and Jakob K. Staab and Tjerk P. Straatsma and Lasse Kragh S{\o}rensen and Bruno Nunes Cabral Tenorio and Donald G. Truhlar and Liviu Ungur and Morgane Vacher and Valera Veryazov and Torben Arne Vo{\ss} and Oskar Weser and Dihua Wu and Xuchun Yang and David Yarkony and Chen Zhou and J. Patrick Zobel and Roland Lindh},
  title = {The {OpenMolcas} Web: A Community-Driven Approach to Advancing Computational Chemistry},
  journal = {Journal of Chemical Theory and Computation}
}

@article{Haupt2023,
  doi = {10.1063/5.0147877},
  url = {https://doi.org/10.1063/5.0147877},
  year = {2023},
  month = jun,
  publisher = {{AIP} Publishing},
  volume = {158},
  number = {22},
  author = {J. Philip Haupt and Seyed Mohammadreza Hosseini and Pablo L{\'{o}}pez R{\'{\i}}os and Werner Dobrautz and Aron Cohen and Ali Alavi},
  title = {Optimizing Jastrow factors for the transcorrelated method},
  journal = {The Journal of Chemical Physics}
}

@article{PhysRevResearch.5.023174,
  title = {Orders of magnitude increased accuracy for quantum many-body problems on quantum computers via an exact transcorrelated method},
  author = {Sokolov, Igor O. and Dobrautz, Werner and Luo, Hongjun and Alavi, Ali and Tavernelli, Ivano},
  journal = {Phys. Rev. Res.},
  volume = {5},
  issue = {2},
  pages = {023174},
  numpages = {19},
  year = {2023},
  month = {Jun},
  publisher = {American Physical Society},
  doi = {10.1103/PhysRevResearch.5.023174},
  url = {https://link.aps.org/doi/10.1103/PhysRevResearch.5.023174}
}


@misc{2304.13882,
Author = {David Fitzek and Robert S. Jonsson and Werner Dobrautz and Christian SchÃ¤fer},
Title = {Optimizing Variational Quantum Algorithms with qBang: Efficiently Interweaving Metric and Momentum to Tackle Flat Energy Landscapes},
Year = {2023},
Eprint = {arXiv:2304.13882},
}

@misc{2303.02007,
Author = {Werner Dobrautz and Igor O. Sokolov and Ke Liao and Pablo LÃ³pez RÃ­os and Martin Rahm and Ali Alavi and Ivano Tavernelli},
Title = {Ab Initio Transcorrelated Method enabling accurate Quantum Chemistry on near-term Quantum Hardware},
Year = {2023},
Eprint = {arXiv:2303.02007},
}
